<record><leader>00000cas a22000007a 4500</leader><controlfield tag="001">15123271</controlfield><controlfield tag="008">870128d19411949msuwr ne      0    0eng d</controlfield><datafield ind1=" " ind2=" " tag="010"><subfield code="a">sn 87065093 </subfield></datafield><datafield ind1=" " ind2=" " tag="040"><subfield code="a">MJA</subfield><subfield code="b">eng</subfield><subfield code="c">MJA</subfield><subfield code="d">MSJ</subfield><subfield code="d">OCLCQ</subfield></datafield><datafield ind1=" " ind2=" " tag="042"><subfield code="a">msc</subfield></datafield><datafield ind1="0" ind2="4" tag="245"><subfield code="a">The Flora outlook.</subfield></datafield><datafield ind1=" " ind2=" " tag="260"><subfield code="a">Flora, Miss. :</subfield><subfield code="b">T.F. Godwin,</subfield><subfield code="c">1941-1949.</subfield></datafield><datafield ind1=" " ind2=" " tag="310"><subfield code="a">Weekly</subfield></datafield><datafield ind1="0" ind2=" " tag="362"><subfield code="a">Vol. 1, no. 1 (Sept. 5, 1941)-v. 9, no. 15 (Dec. 9, 1949).</subfield></datafield><datafield ind1=" " ind2=" " tag="752"><subfield code="a">United States</subfield><subfield code="b">Mississippi</subfield><subfield code="c">Madison</subfield><subfield code="d">Flora.</subfield></datafield><datafield ind1="0" ind2="0" tag="785"><subfield code="t">Banner county outlook</subfield></datafield></record>